% -------------------------------------------------------------
% COBEM 2019 - BIBFILE EXAMPLE
% -------------------------------------------------------------

@BOOK{HillierLieberman2010,
  TITLE     = {Introdução à pesquisa operacional},
  AUTHOR    = {Frederick S. Hillier and Gerald J. Lieberman},
  YEAR      = {2010},
  PUBLISHER = {AMGH Editora Ltda.},
  ADDRESS   = {Porto Alegre}
}

@MASTERSTHESIS{Fraga2006,
  AUTHOR       = {Tatiana Balbi Fraga}, 
  TITLE        = {Desenvolvimento de uma ferramenta computacional para a programação da produção de empresas do setor de confecções do município de Nova Friburgo},
  SCHOOL       = {Universidade do Estado do Rio de Janeiro / Instituto Politécnico – IPRJ},
  YEAR         = {2006},
  ADDRESS      = {Nova Friburgo},
}

@ARTICLE{Andrade,
 AUTHOR =	{T. Bektas},
 TITLE =	{The multiple traveling salesman problem: an overview of formulations and solution procedures},
 JOURNAL =	{Omega},
 VOLUME =	{34},
 PAGES =	{209–219},
 YEAR =		{2006},
}

% -------------------------------------------------------------

@INPROCEEDINGS{FragaAndSilva2015,
 AUTHOR    = {Tatiana Balbi Fraga and Edwedja de Lima Silva},
 TITLE     = {Análise do sistema de produção da empresa Black Side},
 BOOKTITLE = {V CONGRESSO BRASILERIO DE ENGENHARIA DE PRODUCÃO},
 YEAR      = {2015},
 ADDRESS   = {Ponta Grossa, PR, Brazil},
}

@INPROCEEDINGS{AndradeAndFraga2016,
 AUTHOR    = {Matheus da Silva Andrade and Tatiana Balbi Fraga },
 TITLE     = {Modelo Matemático para a localização de filtros de água em uma instituição pública},
 BOOKTITLE = {XXXVI ENCONTRO NACIONAL DE ENGENHARIA DE PRODUCÃO},
 YEAR      = {2016},
 ADDRESS   = {João Pessoa, PB, Brazil},
}

% -------------------------------------------------------------

@INPROCEEDINGS{FragaEtAl2019,
 AUTHOR =		{Tatiana Balbi Fraga and Lays Cristiane {Cavalcante de} Alcântara Aguiar and {Regilda da} {Costa e} Silva Menêzes and Marcos Luiz Henrique},
 TITLE =		{Análise e modelagem do problema de planejamento do transporte e da manutenção de bombas de infusão hospitalares},
 BOOKTITLE = 	{$10^o$ Congresso Brasileiro de Engenharia de Fabricação - COBEM 2019},
 YEAR =		{2019},
 ADDRESS =	{S\~ao Carlos, SP, Brazil},
}
